@article{solis2023,
  title  = {Die Forschungsfrage formulieren | 5-Schritt-Anleitung},
  author = {Tobias Solis},
  date   = {2023},
  url    = {https://www.scribbr.at/anfang-abschlussarbeit-at/forschungsfrage-formulieren/}
}

@article{pfeiffer2018,
  title  = {So beschreibst du die Methodik deiner Bachelorarbeit + Beispiele},
  author = {Franziska Pfeiffer},
  date   = {2018},
  url    = {https://www.scribbr.at/methodik-at/methodik-schreiben/}
}

@article{deeptanshu2022,
  title  = {So beschreibst du die Methodik deiner Bachelorarbeit + Beispiele},
  author = {Deeptanshu D, Shubham Dogra},
  date   = {2022},
  url    = {https://typeset.io/resources/how-to-write-research-proposal/#5-research-methodology}
}

@article{akajb2011,
  title  = {How to Write: Future Work/Conclusions},
  author = {akajb},
  date   = {2011},
  url    = {https://guidetogradschoolsurvival.wordpress.com/2011/04/15/how-to-write-future-workconclusions-2/}
}

